@article {omniglot,
	author = {Lake, Brenden M. and Salakhutdinov, Ruslan and Tenenbaum, Joshua B.},
	title = {Human-level concept learning through probabilistic program induction},
	volume = {350},
	number = {6266},
	pages = {1332--1338},
	year = {2015},
	doi = {10.1126/science.aab3050},
	publisher = {American Association for the Advancement of Science},
	issn = {0036-8075},
	URL = {http://science.sciencemag.org/content/350/6266/1332},
	eprint = {http://science.sciencemag.org/content/350/6266/1332.full.pdf},
	journal = {Science}
}